@inproceedings{vasilescu2014QA,
 author = {Vasilescu, Bogdan and Serebrenik, Alexander and Devanbu, Prem and Filkov, Vladimir},
 title = {{How Social Q\&A Sites Are Changing Knowledge Sharing in Open Source Software Communities}},
 booktitle = {Proceedings of the 17th ACM Conference on Computer Supported Cooperative Work \& Social Computing},
 series = {CSCW '14},
 year = {2014},
 isbn = {978-1-4503-2540-0},
 location = {Baltimore, Maryland, USA},
 pages = {342--354},
 numpages = {13},
 url = {http://doi.acm.org/10.1145/2531602.2531659},
 doi = {10.1145/2531602.2531659},
 acmid = {2531659},
 publisher = {ACM},
 address = {New York, NY, USA},
 keywords = {crowdsourced knowledge, gamification., mailing lists, open source, social Q\&A},
} 

@inproceedings{vasilescu2015CIGithub,
 author = {Vasilescu, Bogdan and Yu, Yue and Wang, Huaimin and Devanbu, Premkumar and Filkov, Vladimir},
 title = {Quality and Productivity Outcomes Relating to Continuous Integration in GitHub},
 booktitle = {Proceedings of the '15 10th Joint Meeting on Foundations of Software Engineering},
 series = {ESEC/FSE '15},
 year = {2015},
 isbn = {978-1-4503-3675-8},
 location = {Bergamo, Italy},
 pages = {805--816},
 numpages = {12},
 url = {http://doi.acm.org/10.1145/2786805.2786850},
 doi = {10.1145/2786805.2786850},
 acmid = {2786850},
 publisher = {ACM},
 address = {New York, NY, USA},
 keywords = {Continuous integration, GitHub, pull requests},
}