@inproceedings{hannemann2002design,
  title={{Design Pattern Implementation in Java and AspectJ}},
  author={Hannemann, Jan and Kiczales, Gregor},
  booktitle={Proceedings of the ACM SIGPLAN conference on Object-oriented programming, systems, languages, and applications},
  series={OOPSLA 02},
  pages={161--173},
  year={2002},
  organization={ACM}
}

@book{buschmann2007pattern,
  title={{Pattern-oriented software architecture, on patterns and pattern languages}},
  author={Buschmann, Frank and Henney, Kevin and Schmidt, Douglas C},
  volume={5},
  year={2007},
  publisher={John wiley \& sons}
}

@book{gamma1995design,
  title={{Design Patterns - Elements of Reusable Object-Oriented Software}},
  author={Gamma, Erich and Helm, Richard and Johnson, Ralph and Vlissides, John},
  year={1995},
  publisher={Addison-Wesley}
}

@inproceedings{chambers2000debate,
  title={{A debate on language and tool support for design patterns}},
  author={Chambers, Craig and Harrison, Bill and Vlissides, John},
  booktitle={Proceedings of the ACM SIGPLAN-SIGACT symposium on Principles of programming languages, POPL 2000},
  pages={277--289},
  year={2000},
  organization={ACM}
}

@article{riehle1997composite,
  title={{Composite design patterns}},
  author={Riehle, Dirk},
  journal={ACM SIGPLAN Notices},
  volume={32},
  number={10},
  pages={218--228},
  year={1997},
  publisher={ACM},
  organization={ACM}
}

@article{hirschfeld2005reflective,
  title={{Reflective designs}},
  author={Hirschfeld, Robert and Lammel, R},
  journal={IEEE Proceedings-Software},
  volume={152},
  number={1},
  pages={38--51},
  year={2005},
  publisher={IET},
  organization={IEE}
}

@inproceedings{hohenstein2010aspectj,
  title={{An AspectJ Approach for Reusable Infrastructure Components}},
  author={Hohenstein, Uwe and Wiese, Daniel},
  booktitle={Proceedings of the conference on Software Engineering Advances, ICSEA '10},
  pages={296--304},
  year={2010},
  organization={IEEE}
}


@inproceedings{cacho2006composing,
  title={{Composing design patterns: a scalability study of aspect-oriented programming}},
  author={Cacho, Nelio and Sant'Anna, Claudio and Figueiredo, Eduardo and Garcia, Alessandro and Batista, Thais and Lucena, Carlos},
  booktitle={Proceedings of the conference on Aspect-oriented software development, AOSD 2006},
  pages={109--121},
  year={2006},
  organization={ACM}
}

@inproceedings{bernardi2005improving,
  title={{Improving design pattern quality using aspect orientation}},
  author={Bernardi, Mario Luca and Di Lucca, Giuseppe A},
  booktitle={Proceedings of the IEEE International Workshop on Software Technology and Engineering Practice, STEP 2005},
  pages={206--218},
  year={2005},
  organization={IEEE}
}

@inproceedings{kiczales1997aspect,
  title={{Aspect-oriented programming}},
  author={Kiczales, Gregor and Lamping, John and Mendhekar, Anurag and Maeda, Chris and Lopes, Cristina and Loingtier, Jean-Marc and Irwin, John},
  booktitle={Proceeding of the European conference on object-oriented programming, ECOOP 1997},
  pages={220--242},
  year={1997},
  organization={Springer}
}

@inproceedings{hachani2002using,
  title={{Using aspect-oriented programming for design patterns implementation}},
  author={Hachani, Ouafa and Bardou, Daniel},
  booktitle={Proceeding of the Workshop Reuse in Object-Oriented Information Systems Design, OOIS 2002},
  year={2002},
  organization={Citeseer}
}

@online{lesiecki2005,
  author = {Lesiecki, Nicolas},
  title = {{AOP@Work: Enhance design patterns with AspectJ}},
  year = 2005,
  url = {http://www.ibm.com/developerworks/java/library/j-aopwork5/},
  urldate = {2016-08-05}
}

@article{borella2003observer,
  title={{The observer pattern using aspect oriented programming}},
  author={Borella, Jacob},
  journal={Proceedings of the Viking Pattern Languages of Programs, Viking PLOP 2003},
  year={2003}
}


@inproceedings{garcia2006modularizing,
  title={{Modularizing design patterns with aspects: a quantitative study}},
  author={Garcia, Alessandro and Sant'Anna, Cl{\'a}udio and Figueiredo, Eduardo and Kulesza, Uir{\'a} and Lucena, Carlos and von Staa, Arndt},
  booktitle={Proceedings of the Conference on Aspect-oriented software development, AOSD 2005},
  pages={3--14},
  year={2005},
  publisher={ACM}
}

@book{kircher2013pattern,
  title={{Pattern-Oriented Software Architecture, Patterns for Resource Management}},
  author={Kircher, Michael and Jain, Prashant},
  volume={3},
  year={2013},
  publisher={John Wiley \& Sons}
}

@book{alexandrescu2001modern,
  title={{Modern C++ design: generic programming and design patterns applied}},
  author={Alexandrescu, Andrei},
  year={2001},
  publisher={Addison-Wesley}
}

@article{budinsky1996automatic,
  title={{Automatic code generation from design patterns}},
  author={Budinsky, Frank J. and Finnie, Marilyn A. and Vlissides, John M. and Yu, Patsy S.},
  journal={IBM Systems Journal},
  volume={35},
  number={2},
  pages={151--171},
  year={1996}
}

@inproceedings{florijn1997tool,
  title={{Tool support for object-oriented patterns}},
  author={Florijn, Gert and Meijers, Marco and Van Winsen, Pieter},
  booktitle={Proceeding of the European Conference on Object-Oriented Programming, ECOOP 1997},
  pages={472--495},
  year={1997},
  organization={Springer}
}

@inproceedings{eden1997precise,
  title={{Precise specification and automatic application of design patterns}},
  author={Eden, Amnon H and Yehudai, Amiram and Gil, Joseph},
  booktitle={Proceedings of the Conference on Automated Software Engineering, ASE 1997},
  pages={143--152},
  year={1997},
  organization={IEEE}
}

@inproceedings{mapelsden2002design,
  title={{Design pattern modelling and instantiation using DPML}},
  author={Mapelsden, David and Hosking, John and Grundy, John},
  booktitle={Proceedings of the Conference on Tools Pacific: Objects for internet, mobile and embedded applications, TOOLS Pacific 2002},
  pages={3--11},
  year={2002},
  organization={Australian Computer Society, Inc.}
}

@inproceedings{kiczales2001overview,
  title={{An Overview of AspectJ}},
  author={Kiczales, Gregor and Hilsdale, Erik and Hugunin, Jim and Kersten, Mik and Palm, Jeffrey and Griswold, William G},
  booktitle={Proceedings of the European Conference on Object-Oriented Programming, ECOOP 2001},
  pages={327--354},
  year={2001},
  organization={Springer}
}

@book{clements2002software,
  title={{Software product lines}},
  author={Clements, Paul and Northrop, Linda},
  year={2002},
  publisher={Addison-Wesley}
}


@inproceedings{pree1994meta,
  title={{Meta patterns - A means for capturing the essentials of reusable object-oriented design}},
  author={Pree, Wolfgang},
  booktitle={Proceedings of the European Conference on Object-Oriented Programming, ECOOP 1994},
  pages={150--162},
  year={1994},
  organization={Springer}
}


@inproceedings{bosch1997design,
  title={{Design patterns and frameworks: On the issue of language support}},
  author={Bosch, Jan},
  booktitle={Proceedings of the European Conference on Object-Oriented Programming, ECOOP 1997},
  pages={133--136},
  year={1997},
  organization={Springer}
}
@inproceedings{bosch1998specifying,
  title={{Specifying frameworks and design patterns as architectural fragments}},
  author={Bosch, Jan},
  booktitle={Technology of Object-Oriented Languages, 1998. TOOLS 27. Proceedings},
  pages={268--277},
  year={1998},
  organization={IEEE}
}
@inproceedings{ernst1999propagating,
  title={{Propagating class and method combination}},
  author={Ernst, Erik},
  booktitle={Proceedings of the European Conference on Object-Oriented Programming, ECOOP 1999},
  pages={67--91},
  year={1999},
  organization={Springer}
}
@article{lammel2001prological,
  title={{Prological language processing}},
  author={L{\"a}mmel, Ralf and Riedewald, G{\"u}nter},
  journal={Electronic Notes in Theoretical Computer Science},
  volume={44},
  number={2},
  pages={132--156},
  year={2001},
  publisher={Elsevier}
}
@incollection{bunnig1999programming,
  title={{A programming language for design patterns}},
  author={B{\"u}nnig, Stefan and Forbrig, Peter and L{\"a}mmel, Ralf and Seemann, Normen},
  booktitle={Informatik 1999},
  pages={400--409},
  year={1999},
  publisher={Springer}
}
@inproceedings{orleans2002incremental,
  title={{Incremental programming with extensible decisions}},
  author={Orleans, Doug},
  booktitle={Proceedings of the conference on Aspect-oriented software development, AOSD 2002},
  pages={56--64},
  year={2002},
  organization={ACM}
}
@inproceedings{neumann1999filters,
  title={{Filters as a Language Support for Design Patterns in Object-Oriented Scripting Languages.}},
  author = {Neumann, Gustaf and Zdun, Uwe},
  booktitle = {Proceedings of the Conference on Object-Oriented Technologies and Systems, COOTS 1999},
  year = {1999},
    publisher = {USENIX Association},
} 


}
@article{sullivan2002advanced,
  title={{Advanced Programming Language Features for Executable Design Patterns Better Patterns Through Reflection}},
  author={Sullivan, Gregory T},
  year={2002}
}
@inproceedings{santos2016java,
  title={{Java Extensions for Design Pattern Instantiation}},
  author={Santos, Andr{\'e} L and Coelho, Duarte},
  booktitle={Proceedings of the International Conference on Software Reuse, ICSR '16},
  pages={284--299},
  year={2016},
  organization={Springer}
}
@inproceedings{garcia2003separation,
  title={{Separation of concerns in multi-agent systems: An empirical study}},
  author={Garcia, Alessandro and Sant'Anna, Cl{\'a}udio and Chavez, Christina and da Silva, Viviane Torres and de Lucena, Carlos JP and von Staa, Arndt},
  booktitle={Proceedings of the Workshop on Software Engineering for Large-Scale Multi-agent Systems, SELMAS 2003},
  pages={49--72},
  year={2003},
  organization={Springer}
}
@article{garcia2002engineering,
  title={Engineering multi-agent systems with aspects and patterns},
  author={Garcia, Alessandro and Silva, Viviane and Chavez, Christina and Lucena, Carlos},
  journal={Journal of the Brazilian Computer Society},
  volume={8},
  number={1},
  pages={57--72},
  year={2002},
  publisher={SciELO Brasil}
}

@inproceedings{popovici2002dynamic,
  title={Dynamic weaving for aspect-oriented programming},
  author={Popovici, Andrei and Gross, Thomas and Alonso, Gustavo},
  booktitle={Proceedings of the Conference on Aspect-oriented Software Development, AOSD 2002},
  pages={141--147},
  year={2002},
  organization={ACM}
}

@inproceedings{popovici2003just,
  title={{Just-in-time aspects: efficient dynamic weaving for Java}},
  author={Popovici, Andrei and Alonso, Gustavo and Gross, Thomas},
  booktitle={Proceedings of the Conference on Aspect-oriented Software Development, AOSD 2003},
  pages={100--109},
  year={2003},
  organization={ACM}
}

@article{reenskaug2009dci,
  title={{The DCI architecture: A new vision of object-oriented programming}},
  author={Reenskaug, Trygve and Coplien, James O},
  url={http://www.artima.com/articles/dci_vision.html},
  year={2009}
}

@inproceedings{herrmann2002object,
  title={{Object teams: Improving modularity for crosscutting collaborations}},
  author={Herrmann, Stephan},
  booktitle={Proceedings of the Conference on Object-Oriented and Internet-Based Technologies, Concepts, and Applications for a Networked World, Net. ObjectDays 2002},
  pages={248--264},
  year={2002},
  organization={Springer}
}

@article{frakes1996software,
  title={Software reuse: metrics and models},
  author={Frakes, William and Terry, Carol},
  journal={ACM Computing Surveys (CSUR)},
  volume={28},
  number={2},
  pages={415--435},
  year={1996},
  publisher={ACM}
}

@inproceedings{dabbish2012social,
 author = {Dabbish, Laura and Stuart, Colleen and Tsay, Jason and Herbsleb, Jim},
 title = {Social Coding in GitHub: Transparency and Collaboration in an Open Software Repository},
 booktitle = {Proceedings of the ACM 2012 Conference on Computer Supported Cooperative Work},
 series = {CSCW '12},
 year = {2012},
 location = {Seattle, Washington, USA},
 pages = {1277--1286},
 numpages = {10},
 acmid = {2145396},
 publisher = {ACM},
 address = {New York, NY, USA},
 keywords = {awareness, collaboration, coordination, open source software development, social computing, transparency},
} 


@article{da2007does,
  title={Does personality matter?: an analysis of code-review ability},
  author={Da Cunha, Alessandra Devito and Greathead, David},
  journal={Communications of the ACM},
  volume={50},
  number={5},
  pages={109--112},
  year={2007},
  publisher={ACM}
}

@inproceedings{bacchelli2013expectations,
 author = {Bacchelli, Alberto and Bird, Christian},
 title = {Expectations, Outcomes, and Challenges of Modern Code Review},
 booktitle = {Proceedings of the 2013 International Conference on Software Engineering},
 series = {ICSE '13},
 year = {2013},
 location = {San Francisco, CA, USA},
 pages = {712--721},
 numpages = {10},
 acmid = {2486882},
 publisher = {IEEE Press},
 address = {Piscataway, NJ, USA},
} 

@inproceedings{uwano2006analyzing,
 author = {Uwano, Hidetake and Nakamura, Masahide and Monden, Akito and Matsumoto, Ken-ichi},
 title = {Analyzing Individual Performance of Source Code Review Using Reviewers' Eye Movement},
 booktitle = {Proceedings of the 2006 Symposium on Eye Tracking Research \&Amp; Applications},
 series = {ETRA '06},
 year = {2006},
 location = {San Diego, California},
 pages = {133--140},
 numpages = {8},
 acmid = {1117357},
 publisher = {ACM},
 address = {New York, NY, USA},
 keywords = {computer program, eye movement, human factor, source code review},
} 

@inproceedings{thongtanunam2015CodeReviews,
 author = {Thongtanunam, Patanamon and McIntosh, Shane and Hassan, Ahmed E. and Iida, Hajimu},
 title = {Investigating Code Review Practices in Defective Files: An Empirical Study of the Qt System},
 booktitle = {Proceedings of the 12th Working Conference on Mining Software Repositories},
 series = {MSR '15},
 year = {2015},
 location = {Florence, Italy},
 pages = {168--179},
 numpages = {12},
 acmid = {2820540},
 publisher = {IEEE Press},
 address = {Piscataway, NJ, USA},
 keywords = {code review, software quality},
} 

@inproceedings{mcintosh2014impact,
 author = {McIntosh, Shane and Kamei, Yasutaka and Adams, Bram and Hassan, Ahmed E.},
 title = {The Impact of Code Review Coverage and Code Review Participation on Software Quality: A Case Study of the Qt, VTK, and ITK Projects},
 booktitle = {Proceedings of the 11th Working Conference on Mining Software Repositories},
 series = {MSR '14},
 year = {2014},
 location = {Hyderabad, India},
 pages = {192--201},
 numpages = {10},
 acmid = {2597076},
 publisher = {ACM},
 address = {New York, NY, USA},
 keywords = {Code reviews, software quality},
} 

@article{mcintosh2016empirical,
  title={An empirical study of the impact of modern code review practices on software quality},
  author={McIntosh, Shane and Kamei, Yasutaka and Adams, Bram and Hassan, Ahmed E},
  journal={Empirical Software Engineering},
  volume={21},
  number={5},
  pages={2146--2189},
  year={2016},
  publisher={Springer}
}


@article{ackerman1989software,
  title={Software inspections: an effective verification process},
  author={Ackerman, A Frank and Buchwald, Lynne S and Lewski, Frank H},
  journal={IEEE software},
  volume={6},
  number={3},
  pages={31},
  year={1989},
  publisher={IEEE Computer Society}
}

@article{rigby2014PeerReviewOSS,
 author = {Rigby, Peter C. and German, Daniel M. and Cowen, Laura and Storey, Margaret-Anne},
 title = {Peer Review on Open-Source Software Projects: Parameters, Statistical Models, and Theory},
 journal = {ACM Trans. Softw. Eng. Methodol.},
 issue_date = {August '14},
 volume = {23},
 number = {4},
 month = sep,
 year = {2014},
 issn = {1049-331X},
 pages = {35:1--35:33},
 articleno = {35},
 numpages = {33},
 acmid = {2594458},
 publisher = {ACM},
 address = {New York, NY, USA},
 keywords = {Peer review, inspection, mining software repositories, open-source software},
} 

@article{mockus2002CaseStudies,
 author = {Mockus, Audris and Fielding, Roy T. and Herbsleb, James D.},
 title = {Two Case Studies of Open Source Software Development: Apache and Mozilla},
 journal = {ACM Trans. Softw. Eng. Methodol.},
 issue_date = {July 2002},
 volume = {11},
 number = {3},
 month = jul,
 year = {2002},
 issn = {1049-331X},
 pages = {309--346},
 numpages = {38},
 acmid = {567795},
 publisher = {ACM},
 address = {New York, NY, USA},
 keywords = {Apache, Mozilla, Open source software, code ownership, defect density, repair interval},
} 

@article{rigby2012contemporary,
  title={Contemporary Peer Review in Action},
  journal={IEEE software},
  volume={29},
  number={6},
  pages={56--61},
  year={2012},
  author={Rigby, Peter C. and Cleary, Brendan and Storey, Margaret-Anne and German, Daniel M}
}


@inproceedings{greiler2015codeownership,
 author = {Greiler, Michaela and Herzig, Kim and Czerwonka, Jacek},
 title = {Code Ownership and Software Quality: A Replication Study},
 booktitle = {Proceedings of the 12th Working Conference on Mining Software Repositories},
 series = {MSR '15},
 year = {2015},
 location = {Florence, Italy},
 pages = {2--12},
 numpages = {11},
 acmid = {2820522},
 publisher = {IEEE Press},
 address = {Piscataway, NJ, USA},
 keywords = {code ownership, empirical software engineering, software quality},
} 

@inproceedings{bird2011codeownership,
 author = {Bird, Christian and Nagappan, Nachiappan and Murphy, Brendan and Gall, Harald and Devanbu, Premkumar},
 title = {Don'T Touch My Code!: Examining the Effects of Ownership on Software Quality},
 booktitle = {Proceedings of the 19th ACM SIGSOFT Symposium and the 13th European Conference on Foundations of Software Engineering},
 series = {ESEC/FSE '11},
 year = {2011},
 location = {Szeged, Hungary},
 pages = {4--14},
 numpages = {11},
 acmid = {2025119},
 publisher = {ACM},
 address = {New York, NY, USA},
 keywords = {emprical software engineering, expertise, ownership, quality},
} 

@inproceedings{foucault2014codeownership,
 author = {Foucault, Matthieu and Falleri, Jean-R{\'e}my and Blanc, Xavier},
 title = {Code Ownership in Open-source Software},
 booktitle = {Proceedings of the 18th International Conference on Evaluation and Assessment in Software Engineering},
 series = {EASE '14},
 year = {2014},
 location = {London, England, United Kingdom},
 pages = {39:1--39:9},
 articleno = {39},
 numpages = {9},
 acmid = {2601283},
 publisher = {ACM},
 address = {New York, NY, USA},
 keywords = {code ownership, process metrics, reproduction study},
} 

@inproceedings{rahman2011ownership,
 author = {Rahman, Foyzur and Devanbu, Premkumar},
 title = {Ownership, Experience and Defects: A Fine-grained Study of Authorship},
 booktitle = {Proceedings of the 33rd International Conference on Software Engineering},
 series = {ICSE '11},
 year = {2011},
 location = {Waikiki, Honolulu, HI, USA},
 pages = {491--500},
 numpages = {10},
 acmid = {1985860},
 publisher = {ACM},
 address = {New York, NY, USA},
 keywords = {collaboration, experience, ownership, software quality},
} 

@inproceedings{nagappan2008organizationalstructure,
 author = {Nagappan, Nachiappan and Murphy, Brendan and Basili, Victor},
 title = {The Influence of Organizational Structure on Software Quality: An Empirical Case Study},
 booktitle = {Proceedings of the 30th International Conference on Software Engineering},
 series = {ICSE '08},
 year = {2008},
 location = {Leipzig, Germany},
 pages = {521--530},
 numpages = {10},
 acmid = {1368160},
 publisher = {ACM},
 address = {New York, NY, USA},
 keywords = {code churn, developers, empirical studies, failures, organizational structure, software mining},
} 

@inproceedings{czerwonka2015codereviews,
 author = {Czerwonka, Jacek and Greiler, Michaela and Tilford, Jack},
 title = {Code Reviews Do Not Find Bugs: How the Current Code Review Best Practice Slows Us Down},
 booktitle = {Proceedings of the 37th International Conference on Software Engineering - Volume 2},
 series = {ICSE '15},
 year = {2015},
 location = {Florence, Italy},
 pages = {27--28},
 numpages = {2},
 acmid = {2819015},
 publisher = {IEEE Press},
 address = {Piscataway, NJ, USA},
 keywords = {code integration, code reviews, software engineering workflow},
} 

@inproceedings{zhang2015interactivecodereview,
 author = {Zhang, Tianyi and Song, Myoungkyu and Pinedo, Joseph and Kim, Miryung},
 title = {Interactive Code Review for Systematic Changes},
 booktitle = {Proceedings of the 37th International Conference on Software Engineering - Volume 1},
 series = {ICSE '15},
 year = {2015},
 location = {Florence, Italy},
 pages = {111--122},
 numpages = {12},
 acmid = {2818771},
 publisher = {IEEE Press},
 address = {Piscataway, NJ, USA},
} 

@book{poppendieck2003lean,
  title={Lean Software Development: An Agile Toolkit: An Agile Toolkit},
  author={Poppendieck, Mary and Poppendieck, Tom},
  year={2003},
  publisher={Addison-Wesley}
}

@inproceedings{kononenko2016codereviewquality,
 author = {Kononenko, Oleksii and Baysal, Olga and Godfrey, Michael W.},
 title = {Code Review Quality: How Developers See It},
 booktitle = {Proceedings of the 38th International Conference on Software Engineering},
 series = {ICSE '16},
 year = {2016},
 location = {Austin, Texas},
 pages = {1028--1038},
 numpages = {11},
 acmid = {2884840},
 publisher = {ACM},
 address = {New York, NY, USA},
 keywords = {code review, developer perception, review quality, survey},
}

@inproceedings{barnett2015helpingdevelopers,
 author = {Barnett, Mike and Bird, Christian and Brunet, Jo\~{a}o and Lahiri, Shuvendu K.},
 title = {Helping Developers Help Themselves: Automatic Decomposition of Code Review Changesets},
 booktitle = {Proceedings of the 37th International Conference on Software Engineering - Volume 1},
 series = {ICSE '15},
 year = {2015},
 location = {Florence, Italy},
 pages = {134--144},
 numpages = {11},
 acmid = {2818773},
 publisher = {IEEE Press},
 address = {Piscataway, NJ, USA},
} 

@inproceedings{rahman2014pullrequests,
 author = {Rahman, Mohammad Masudur and Roy, Chanchal K.},
 title = {An Insight into the Pull Requests of GitHub},
 booktitle = {Proceedings of the 11th Working Conference on Mining Software Repositories},
 series = {MSR '14},
 year = {2014},
 location = {Hyderabad, India},
 pages = {364--367},
 numpages = {4},
 acmid = {2597121},
 publisher = {ACM},
 address = {New York, NY, USA},
 keywords = {Commit comments, pull request, topic model},
} 

@inproceedings{yu2015pullrequests,
 author = {Yu, Yue and Wang, Huaimin and Filkov, Vladimir and Devanbu, Premkumar and Vasilescu, Bogdan},
 title = {Wait for It: Determinants of Pull Request Evaluation Latency on GitHub},
 booktitle = {Proceedings of the 12th Working Conference on Mining Software Repositories},
 series = {MSR '15},
 year = {2015},
 location = {Florence, Italy},
 pages = {367--371},
 numpages = {5},
 acmid = {2820564},
 publisher = {IEEE Press},
 address = {Piscataway, NJ, USA},
} 

@online{driessen2010successful,
  title={A successful Git branching model},
  author={Driessen, Vincent},
  year = 2010,
  url = {http://nvie.com/posts/a-successful-git-branching-model/},
  urldate = {2016-12-20}
}

@inproceedings{calefato2015PLE,
 author = {Calefato, Fabio and De Nicol\`{o}, Roberto and Lanubile, Filippo and Lippolis, Fabrizio},
 title = {{Product Line Engineering for NGO Projects}},
 booktitle = {Proceedings of the Fifth International Workshop on Product LinE Approaches in Software Engineering},
 series = {PLEASE '15},
 year = {2015},
 location = {Florence, Italy},
 pages = {3--6},
 numpages = {4},
 acmid = {2820660},
 publisher = {IEEE Press},
 address = {Piscataway, NJ, USA},
 keywords = {NGO, assistive technologies, branching, product line engineering, sustainable software development},
} 

@INPROCEEDINGS{thung2013github,
author={F. Thung and T. F. Bissyandé and D. Lo and L. Jiang},
booktitle={17th European Conference on Software Maintenance and Reengineering},
title={Network Structure of Social Coding in GitHub},
year={2013},
series={CSMR '13},
pages={323-326},
keywords={graph theory;groupware;social networking (online);software engineering;GitHub;PageRank;building tool support;collaborative software development;developer-developer relationship graph;development paradigm;network structure;project hosting platform;project-project relationship graph;social coding site;social programmer;umbrella site;Collaboration;Encoding;Facebook;Measurement;Software;Web pages;GitHub;Social coding;developer-developer network;project-project network},
ISSN={1534-5351},
month={March}}

@inproceedings{bird2012branches,
 author = {Bird, Christian and Zimmermann, Thomas},
 title = {Assessing the Value of Branches with What-if Analysis},
 booktitle = {Proceedings of the ACM SIGSOFT 20th International Symposium on the Foundations of Software Engineering},
 series = {FSE '12},
 year = {2012},
 location = {Cary, North Carolina},
 pages = {45:1--45:11},
 articleno = {45},
 numpages = {11},
 acmid = {2393648},
 publisher = {ACM},
 address = {New York, NY, USA},
 keywords = {branch refactoring, branches, concurrent development, coordination, teams, what-if analysis},
}

@inproceedings{appleton1998streamed,
  title={Streamed lines: Branching patterns for parallel software development},
  author={Appleton, Brad and Berczuk, Steve and Cabrera, Ralph and Orenstein, Robert},
  booktitle={Proceedings of International Conference on Pattern Languages of Programs},
  series={PloP '98},
  year={1998}
}

@inproceedings{vasilescu2014QA,
 author = {Vasilescu, Bogdan and Serebrenik, Alexander and Devanbu, Prem and Filkov, Vladimir},
 title = {{How Social Q\&A Sites Are Changing Knowledge Sharing in Open Source Software Communities}},
 booktitle = {Proceedings of the 17th ACM Conference on Computer Supported Cooperative Work \& Social Computing},
 series = {CSCW '14},
 year = {2014},
 location = {Baltimore, Maryland, USA},
 pages = {342--354},
 numpages = {13},
 acmid = {2531659},
 publisher = {ACM},
 address = {New York, NY, USA},
 keywords = {crowdsourced knowledge, gamification., mailing lists, open source, social Q\&A},
} 

@inproceedings{vasilescu2015CIGithub,
 author = {Vasilescu, Bogdan and Yu, Yue and Wang, Huaimin and Devanbu, Premkumar and Filkov, Vladimir},
 title = {Quality and Productivity Outcomes Relating to Continuous Integration in GitHub},
 booktitle = {Proceedings of the '15 10th Joint Meeting on Foundations of Software Engineering},
 series = {ESEC/FSE '15},
 year = {2015},
 location = {Bergamo, Italy},
 pages = {805--816},
 numpages = {12},
 acmid = {2786850},
 publisher = {ACM},
 address = {New York, NY, USA},
 keywords = {Continuous integration, GitHub, pull requests},
} 

@inproceedings{tsay2014contributionGithub,
 author = {Tsay, Jason and Dabbish, Laura and Herbsleb, James},
 title = {Influence of Social and Technical Factors for Evaluating Contribution in GitHub},
 booktitle = {Proceedings of the 36th International Conference on Software Engineering},
 series = {ICSE '14},
 year = {2014},
 location = {Hyderabad, India},
 pages = {356--366},
 numpages = {11},
 acmid = {2568315},
 publisher = {ACM},
 address = {New York, NY, USA},
 keywords = {GitHub, contribution, open source, signaling theory, social computing, social media, transparency},
} 

@inproceedings{gousios2014PullBasedSD,
 author = {Gousios, Georgios and Pinzger, Martin and Deursen, Arie van},
 title = {An Exploratory Study of the Pull-based Software Development Model},
 booktitle = {Proceedings of the 36th International Conference on Software Engineering},
 series = {ICSE '14},
 year = {2014},
 location = {Hyderabad, India},
 pages = {345--355},
 numpages = {11},
 acmid = {2568260},
 publisher = {ACM},
 address = {New York, NY, USA},
 keywords = {Pull-based development, distributed software development, empirical software engineering, pull request},
} 

@article{gross2005user,
  title={User-centered awareness in computer-supported cooperative work-systems: Structured embedding of findings from social sciences},
  author={Gross, Tom and Stary, Chris and Totter, Alex},
  journal={International Journal of Human-Computer Interaction},
  volume={18},
  number={3},
  pages={323--360},
  year={2005},
  publisher={Taylor \& Francis}
}


@inproceedings{sarma2003plantir,
 author = {Sarma, Anita and Noroozi, Zahra and van der Hoek, Andr{\'e}},
 title = {Palant\'{i}r: Raising Awareness Among Configuration Management Workspaces},
 booktitle = {Proceedings of the 25th International Conference on Software Engineering},
 series = {ICSE '03},
 year = {2003},
 location = {Portland, Oregon},
 pages = {444--454},
 numpages = {11},
 acmid = {776870},
 publisher = {IEEE Computer Society},
 address = {Washington, DC, USA},
} 

@article{sarma2012plantir,
 author = {Sarma, Anita and Redmiles, David and van der Hoek, Andre},
 title = {Palant\'{\i}r: Early Detection of Development Conflicts Arising from Parallel Code Changes},
 journal = {IEEE Trans. Softw. Eng.},
 issue_date = {July '12},
 volume = {38},
 number = {4},
 month = jul,
 year = {2012},
 issn = {0098-5589},
 pages = {889--908},
 numpages = {20},
 acmid = {2361106},
 publisher = {IEEE Press},
 address = {Piscataway, NJ, USA},
 keywords = {Software engineering, computer-supported collaborative work, programmer workbench, configuration management},
} 

@inproceedings{DiMicco2008Newtworking,
 author = {DiMicco, Joan and Millen, David R. and Geyer, Werner and Dugan, Casey and Brownholtz, Beth and Muller, Michael},
 title = {Motivations for Social Networking at Work},
 booktitle = {Proceedings of the 2008 ACM Conference on Computer Supported Cooperative Work},
 series = {CSCW '08},
 year = {2008},
 location = {San Diego, CA, USA},
 pages = {711--720},
 numpages = {10},
 acmid = {1460674},
 publisher = {ACM},
 address = {New York, NY, USA},
 keywords = {cscw, enterprise, social networking, user motivation},
} 

@inproceedings{Skeels2009FacebookLinkedinAtWork,
 author = {Skeels, Meredith M. and Grudin, Jonathan},
 title = {When Social Networks Cross Boundaries: A Case Study of Workplace Use of Facebook and Linkedin},
 booktitle = {Proceedings of the ACM 2009 International Conference on Supporting Group Work},
 series = {GROUP '09},
 year = {2009},
 location = {Sanibel Island, Florida, USA},
 pages = {95--104},
 numpages = {10},
 acmid = {1531689},
 publisher = {ACM},
 address = {New York, NY, USA},
 keywords = {enterprise, facebook, linkedin, social networking},
} 

@inproceedings{tsay2014ContributionDiscussion,
 author = {Tsay, Jason and Dabbish, Laura and Herbsleb, James},
 title = {Let's Talk About It: Evaluating Contributions Through Discussion in GitHub},
 booktitle = {Proceedings of the 22Nd ACM SIGSOFT International Symposium on Foundations of Software Engineering},
 series = {FSE '14},
 year = {2014},
 location = {Hong Kong, China},
 pages = {144--154},
 numpages = {11},
 acmid = {2635882},
 publisher = {ACM},
 address = {New York, NY, USA},
 keywords = {GitHub, contribution, discussion, evaluation, open source, social computing, social media, transparency},
} 

@inproceedings{bird2015CodeReviewPlatform,
 author = {Bird, Christian and Carnahan, Trevor and Greiler, Michaela},
 title = {Lessons Learned from Building and Deploying a Code Review Analytics Platform},
 booktitle = {Proceedings of the 12th Working Conference on Mining Software Repositories},
 series = {MSR '15},
 year = {2015},
 location = {Florence, Italy},
 pages = {191--201},
 numpages = {11},
 acmid = {2820542},
 publisher = {IEEE Press},
 address = {Piscataway, NJ, USA},
} 

@inproceedings{balachandran2013PeerCodeReviews,
 author = {Balachandran, Vipin},
 title = {Reducing Human Effort and Improving Quality in Peer Code Reviews Using Automatic Static Analysis and Reviewer Recommendation},
 booktitle = {Proceedings of the '13 International Conference on Software Engineering},
 series = {ICSE '13},
 year = {2013},
 location = {San Francisco, CA, USA},
 pages = {931--940},
 numpages = {10},
 acmid = {2486915},
 publisher = {IEEE Press},
 address = {Piscataway, NJ, USA},
} 

@inproceedings{rigby2013PeerCodeReviews,
 author = {Rigby, Peter C. and Bird, Christian},
 title = {Convergent Contemporary Software Peer Review Practices},
 booktitle = {Proceedings of the '13 9th Joint Meeting on Foundations of Software Engineering},
 series = {ESEC/FSE '13},
 year = {2013},
 location = {Saint Petersburg, Russia},
 pages = {202--212},
 numpages = {11},
 acmid = {2491444},
 publisher = {ACM},
 address = {New York, NY, USA},
 keywords = {Empirical Software Engineering, Inspection, Open source software, Peer code review, Software firms},
} 

@oline{kennedy2006Mondrian,
  title={How Google does web-based code reviews with Mondrian},
    author={Kennedy, Niall},
    year={2006},
    month={November},
    day={30},
  url={http://www.niallkennedy.com/blog/2006/11/google-mondrian.html},
  urldate = {2016-12-28}
}

@oline{tsotsis2011Phabricator,
  title={Meet Phabricator, The Witty Code Review Tool Built Inside Facebook},
    author={Tsotsis, Alexia},
    year={2011},
    month={August},
    day={7},
  url={https://techcrunch.com/2011/08/07/oh-what-noble-scribe-hath-penned-these-words/},
  urldate = {2016-12-28}
}

@oline{google2016gerrit,
  title={Gerrit Code Review},
    author={{Google Inc.}},
    year={2016},
  url={https://www.gerritcodereview.com/},
  urldate = {2016-12-28}
}

@incollection{fagan2001design,
  title={Design and code inspections to reduce errors in program development},
  author={Fagan, Michael E},
  booktitle={Pioneers and Their Contributions to Software Engineering},
  pages={301--334},
  year={2001},
  publisher={Springer}
}

@book{beck2000extreme,
  title={Extreme programming explained: embrace change},
  author={Beck, Kent},
  year={2000},
  publisher={addison-wesley professional}
}

@inproceedings{shimagaki2016CRInSony,
 author = {Shimagaki, Junji and Kamei, Yasutaka and McIntosh, Shane and Hassan, Ahmed E. and Ubayashi, Naoyasu},
 title = {A Study of the Quality-impacting Practices of Modern Code Review at Sony Mobile},
 booktitle = {Proceedings of the 38th International Conference on Software Engineering Companion},
 series = {ICSE '16},
 year = {2016},
 location = {Austin, Texas},
 pages = {212--221},
 numpages = {10},
 acmid = {2889243},
 publisher = {ACM},
 address = {New York, NY, USA},
 keywords = {code review, software quality},
}

@article{feitelson2013development,
  title={Development and deployment at facebook},
  author={Feitelson, Dror G and Frachtenberg, Eitan and Beck, Kent L},
  journal={IEEE Internet Computing},
  volume={17},
  number={4},
  pages={8--17},
  year={2013},
  publisher={IEEE}
}

@inproceedings{storey2012msr,
  title={{MSR 2012 keynote: The evolution of the social programmer}},
  author={Storey, Margaret-Anne},
  booktitle={IEEE Working Conference on Mining Software Repositories (MSR 2012)},
  pages={140--140},
  year={2012},
  organization={IEEE}
}

@inproceedings{lotufo2012towards,
  title={Towards improving bug tracking systems with game mechanisms},
  author={Lotufo, Rafael and Passos, Leonardo and Czarnecki, Krzysztof},
  booktitle={IEEE Working Conference on Mining Software Repositories (MSR 2012)},
  pages={2--11},
  year={2012},
  organization={IEEE Press}
}

@inproceedings{baysal2013influence,
  title={The influence of non-technical factors on code review},
  author={Baysal, Olga and Kononenko, Oleksii and Holmes, Reid and Godfrey, Michael W},
  booktitle={Working Conference on Reverse Engineering (WCRE 2013)},
  pages={122--131},
  year={2013},
  organization={IEEE}
}

@article{baysal2016investigating,
  title={Investigating technical and non-technical factors influencing modern code review},
  author={Baysal, Olga and Kononenko, Oleksii and Holmes, Reid and Godfrey, Michael W.},
  journal={Empirical Software Engineering},
  volume={21},
  number={3},
  pages={932--959},
  year={2016},
  publisher={Springer}
}

@inproceedings{Duerschmid2017CCR,
  author = {D\"{u}rschmid, Tobias},
  title = {Continuous Code Reviews: A Social Coding Tool for Code Reviews Inside the IDE},
  booktitle = {Companion to the First International Conference on the Art, Science and Engineering of Programming},
  series = {Programming '17},
  year = {2017},
  isbn = {978-1-4503-4836-2},
  pages = {41:1--41:3},
  articleno = {41},
  numpages = {3},
  doi = {10.1145/3079368.3079374},
  publisher = {ACM},
  address = {New York, NY, USA}
} 

@ARTICLE{bosu2017ContemporaryCodeReview,
author={A. Bosu and J. C. Carver and C. Bird and J. Orbeck and C. Chockley},
journal={IEEE Transactions on Software Engineering},
title={Process Aspects and Social Dynamics of Contemporary Code Review: Insights from Open Source Development and Industrial Practice at Microsoft},
year={2017},
volume={43},
number={1},
pages={56-75},
keywords={public domain software;software engineering;software management;software reviews;team working;Microsoft teams;OSS;code quality;contemporary code review;knowledge dissemination;open source software developers;Collaboration;Context;Human factors;Inspection;Instruments;Measurement;Organizations;Code review;OSS;commercial projects;open source;peer impressions;survey},
doi={10.1109/TSE.2016.2576451},
ISSN={0098-5589},
month={Jan},}
