@inproceedings{hannemann2002design,
  title={{Design Pattern Implementation in Java and AspectJ}},
  author={Hannemann, Jan and Kiczales, Gregor},
  booktitle={Proceedings of the ACM SIGPLAN conference on Object-oriented programming, systems, languages, and applications, OOPSLA 2002},
  pages={161--173},
  year={2002},
  organization={ACM}
}

@book{buschmann2007pattern,
  title={{Pattern-oriented software architecture, on patterns and pattern languages}},
  author={Buschmann, Frank and Henney, Kevin and Schmidt, Douglas C},
  volume={5},
  year={2007},
  publisher={John wiley \& sons}
}

@book{gamma1995design,
  title={{Design Patterns - Elements of Reusable Object-Oriented Software}},
  author={Gamma, Erich and Helm, Richard and Johnson, Ralph and Vlissides, John},
  year={1995},
  publisher={Addison-Wesley}
}

@inproceedings{chambers2000debate,
  title={{A debate on language and tool support for design patterns}},
  author={Chambers, Craig and Harrison, Bill and Vlissides, John},
  booktitle={Proceedings of the ACM SIGPLAN-SIGACT symposium on Principles of programming languages, POPL 2000},
  pages={277--289},
  year={2000},
  organization={ACM}
}

@article{riehle1997composite,
  title={{Composite design patterns}},
  author={Riehle, Dirk},
  journal={ACM SIGPLAN Notices},
  volume={32},
  number={10},
  pages={218--228},
  year={1997},
  publisher={ACM},
  organization={ACM}
}

@article{hirschfeld2005reflective,
  title={{Reflective designs}},
  author={Hirschfeld, Robert and Lammel, R},
  journal={IEEE Proceedings-Software},
  volume={152},
  number={1},
  pages={38--51},
  year={2005},
  publisher={IET},
  organization={IEE}
}

@inproceedings{hohenstein2010aspectj,
  title={{An AspectJ Approach for Reusable Infrastructure Components}},
  author={Hohenstein, Uwe and Wiese, Daniel},
  booktitle={Proceedings of the conference on Software Engineering Advances, ICSEA 2010},
  pages={296--304},
  year={2010},
  organization={IEEE}
}


@inproceedings{cacho2006composing,
  title={{Composing design patterns: a scalability study of aspect-oriented programming}},
  author={Cacho, Nelio and Sant'Anna, Claudio and Figueiredo, Eduardo and Garcia, Alessandro and Batista, Thais and Lucena, Carlos},
  booktitle={Proceedings of the conference on Aspect-oriented software development, AOSD 2006},
  pages={109--121},
  year={2006},
  organization={ACM}
}

@inproceedings{bernardi2005improving,
  title={{Improving design pattern quality using aspect orientation}},
  author={Bernardi, Mario Luca and Di Lucca, Giuseppe A},
  booktitle={Proceedings of the IEEE International Workshop on Software Technology and Engineering Practice, STEP 2005},
  pages={206--218},
  year={2005},
  organization={IEEE}
}

@inproceedings{kiczales1997aspect,
  title={{Aspect-oriented programming}},
  author={Kiczales, Gregor and Lamping, John and Mendhekar, Anurag and Maeda, Chris and Lopes, Cristina and Loingtier, Jean-Marc and Irwin, John},
  booktitle={Proceeding of the European conference on object-oriented programming, ECOOP 1997},
  pages={220--242},
  year={1997},
  organization={Springer}
}

@inproceedings{hachani2002using,
  title={{Using aspect-oriented programming for design patterns implementation}},
  author={Hachani, Ouafa and Bardou, Daniel},
  booktitle={Proceeding of the Workshop Reuse in Object-Oriented Information Systems Design, OOIS 2002},
  year={2002},
  organization={Citeseer}
}

@online{lesiecki2005,
  author = {Lesiecki, Nicolas},
  title = {{AOP@Work: Enhance design patterns with AspectJ}},
  year = 2005,
  url = {http://www.ibm.com/developerworks/java/library/j-aopwork5/},
  urldate = {2016-08-05}
}

@article{borella2003observer,
  title={{The observer pattern using aspect oriented programming}},
  author={Borella, Jacob},
  journal={Proceedings of the Viking Pattern Languages of Programs, Viking PLOP 2003},
  year={2003}
}


@inproceedings{garcia2006modularizing,
  title={{Modularizing design patterns with aspects: a quantitative study}},
  author={Garcia, Alessandro and Sant'Anna, Cl{\'a}udio and Figueiredo, Eduardo and Kulesza, Uir{\'a} and Lucena, Carlos and von Staa, Arndt},
  booktitle={Proceedings of the Conference on Aspect-oriented software development, AOSD 2005},
  pages={3--14},
  year={2005},
  publisher={ACM}
}

@book{kircher2013pattern,
  title={{Pattern-Oriented Software Architecture, Patterns for Resource Management}},
  author={Kircher, Michael and Jain, Prashant},
  volume={3},
  year={2013},
  publisher={John Wiley \& Sons}
}

@book{alexandrescu2001modern,
  title={{Modern C++ design: generic programming and design patterns applied}},
  author={Alexandrescu, Andrei},
  year={2001},
  publisher={Addison-Wesley}
}

@article{budinsky1996automatic,
  title={{Automatic code generation from design patterns}},
  author={Budinsky, Frank J. and Finnie, Marilyn A. and Vlissides, John M. and Yu, Patsy S.},
  journal={IBM Systems Journal},
  volume={35},
  number={2},
  pages={151--171},
  year={1996}
}

@inproceedings{florijn1997tool,
  title={{Tool support for object-oriented patterns}},
  author={Florijn, Gert and Meijers, Marco and Van Winsen, Pieter},
  booktitle={Proceeding of the European Conference on Object-Oriented Programming, ECOOP 1997},
  pages={472--495},
  year={1997},
  organization={Springer}
}

@inproceedings{eden1997precise,
  title={{Precise specification and automatic application of design patterns}},
  author={Eden, Amnon H and Yehudai, Amiram and Gil, Joseph},
  booktitle={Proceedings of the Conference on Automated Software Engineering, ASE 1997},
  pages={143--152},
  year={1997},
  organization={IEEE}
}

@inproceedings{mapelsden2002design,
  title={{Design pattern modelling and instantiation using DPML}},
  author={Mapelsden, David and Hosking, John and Grundy, John},
  booktitle={Proceedings of the Conference on Tools Pacific: Objects for internet, mobile and embedded applications, TOOLS Pacific 2002},
  pages={3--11},
  year={2002},
  organization={Australian Computer Society, Inc.}
}

@inproceedings{kiczales2001overview,
  title={{An Overview of AspectJ}},
  author={Kiczales, Gregor and Hilsdale, Erik and Hugunin, Jim and Kersten, Mik and Palm, Jeffrey and Griswold, William G},
  booktitle={Proceedings of the European Conference on Object-Oriented Programming, ECOOP 2001},
  pages={327--354},
  year={2001},
  organization={Springer}
}

@book{clements2002software,
  title={{Software product lines}},
  author={Clements, Paul and Northrop, Linda},
  year={2002},
  publisher={Addison-Wesley}
}


@inproceedings{pree1994meta,
  title={{Meta patterns - A means for capturing the essentials of reusable object-oriented design}},
  author={Pree, Wolfgang},
  booktitle={Proceedings of the European Conference on Object-Oriented Programming, ECOOP 1994},
  pages={150--162},
  year={1994},
  organization={Springer}
}


@inproceedings{bosch1997design,
  title={{Design patterns and frameworks: On the issue of language support}},
  author={Bosch, Jan},
  booktitle={Proceedings of the European Conference on Object-Oriented Programming, ECOOP 1997},
  pages={133--136},
  year={1997},
  organization={Springer}
}
@inproceedings{bosch1998specifying,
  title={{Specifying frameworks and design patterns as architectural fragments}},
  author={Bosch, Jan},
  booktitle={Technology of Object-Oriented Languages, 1998. TOOLS 27. Proceedings},
  pages={268--277},
  year={1998},
  organization={IEEE}
}
@inproceedings{ernst1999propagating,
  title={{Propagating class and method combination}},
  author={Ernst, Erik},
  booktitle={Proceedings of the European Conference on Object-Oriented Programming, ECOOP 1999},
  pages={67--91},
  year={1999},
  organization={Springer}
}
@article{lammel2001prological,
  title={{Prological language processing}},
  author={L{\"a}mmel, Ralf and Riedewald, G{\"u}nter},
  journal={Electronic Notes in Theoretical Computer Science},
  volume={44},
  number={2},
  pages={132--156},
  year={2001},
  publisher={Elsevier}
}
@incollection{bunnig1999programming,
  title={{A programming language for design patterns}},
  author={B{\"u}nnig, Stefan and Forbrig, Peter and L{\"a}mmel, Ralf and Seemann, Normen},
  booktitle={Informatik 1999},
  pages={400--409},
  year={1999},
  publisher={Springer}
}
@inproceedings{orleans2002incremental,
  title={{Incremental programming with extensible decisions}},
  author={Orleans, Doug},
  booktitle={Proceedings of the conference on Aspect-oriented software development, AOSD 2002},
  pages={56--64},
  year={2002},
  organization={ACM}
}
@inproceedings{neumann1999filters,
  title={{Filters as a Language Support for Design Patterns in Object-Oriented Scripting Languages.}},
  author = {Neumann, Gustaf and Zdun, Uwe},
  booktitle = {Proceedings of the Conference on Object-Oriented Technologies and Systems, COOTS 1999},
  year = {1999},
    publisher = {USENIX Association},
} 


}
@article{sullivan2002advanced,
  title={{Advanced Programming Language Features for Executable Design Patterns Better Patterns Through Reflection}},
  author={Sullivan, Gregory T},
  year={2002}
}
@inproceedings{santos2016java,
  title={{Java Extensions for Design Pattern Instantiation}},
  author={Santos, Andr{\'e} L and Coelho, Duarte},
  booktitle={Proceedings of the International Conference on Software Reuse, ICSR 2016},
  pages={284--299},
  year={2016},
  organization={Springer}
}
@inproceedings{garcia2003separation,
  title={{Separation of concerns in multi-agent systems: An empirical study}},
  author={Garcia, Alessandro and Sant'Anna, Cl{\'a}udio and Chavez, Christina and da Silva, Viviane Torres and de Lucena, Carlos JP and von Staa, Arndt},
  booktitle={Proceedings of the Workshop on Software Engineering for Large-Scale Multi-agent Systems, SELMAS 2003},
  pages={49--72},
  year={2003},
  organization={Springer}
}
@article{garcia2002engineering,
  title={Engineering multi-agent systems with aspects and patterns},
  author={Garcia, Alessandro and Silva, Viviane and Chavez, Christina and Lucena, Carlos},
  journal={Journal of the Brazilian Computer Society},
  volume={8},
  number={1},
  pages={57--72},
  year={2002},
  publisher={SciELO Brasil}
}

@inproceedings{popovici2002dynamic,
  title={Dynamic weaving for aspect-oriented programming},
  author={Popovici, Andrei and Gross, Thomas and Alonso, Gustavo},
  booktitle={Proceedings of the Conference on Aspect-oriented Software Development, AOSD 2002},
  pages={141--147},
  year={2002},
  organization={ACM}
}

@inproceedings{popovici2003just,
  title={{Just-in-time aspects: efficient dynamic weaving for Java}},
  author={Popovici, Andrei and Alonso, Gustavo and Gross, Thomas},
  booktitle={Proceedings of the Conference on Aspect-oriented Software Development, AOSD 2003},
  pages={100--109},
  year={2003},
  organization={ACM}
}

@article{reenskaug2009dci,
  title={{The DCI architecture: A new vision of object-oriented programming}},
  author={Reenskaug, Trygve and Coplien, James O},
  url={http://www.artima.com/articles/dci_vision.html},
  year={2009}
}

@inproceedings{herrmann2002object,
  title={{Object teams: Improving modularity for crosscutting collaborations}},
  author={Herrmann, Stephan},
  booktitle={Proceedings of the Conference on Object-Oriented and Internet-Based Technologies, Concepts, and Applications for a Networked World, Net. ObjectDays 2002},
  pages={248--264},
  year={2002},
  organization={Springer}
}

@article{frakes1996software,
  title={Software reuse: metrics and models},
  author={Frakes, William and Terry, Carol},
  journal={ACM Computing Surveys (CSUR)},
  volume={28},
  number={2},
  pages={415--435},
  year={1996},
  publisher={ACM}
}

@inproceedings{dabbish2012social,
  title={Social coding in GitHub: transparency and collaboration in an open software repository},
  author={Dabbish, Laura and Stuart, Colleen and Tsay, Jason and Herbsleb, Jim},
  booktitle={Proceedings of the ACM 2012 conference on Computer Supported Cooperative Work},
  pages={1277--1286},
  year={2012},
  organization={ACM}
}

@article{da2007does,
  title={Does personality matter?: an analysis of code-review ability},
  author={Da Cunha, Alessandra Devito and Greathead, David},
  journal={Communications of the ACM},
  volume={50},
  number={5},
  pages={109--112},
  year={2007},
  publisher={ACM}
}


@inproceedings{bacchelli2013expectations,
  title={Expectations, outcomes, and challenges of modern code review},
  author={Bacchelli, Alberto and Bird, Christian},
  booktitle={Proceedings of the 2013 international conference on software engineering},
  pages={712--721},
  year={2013},
  organization={IEEE Press}
}


@inproceedings{uwano2006analyzing,
  title={Analyzing individual performance of source code review using reviewers' eye movement},
  author={Uwano, Hidetake and Nakamura, Masahide and Monden, Akito and Matsumoto, Ken-ichi},
  booktitle={Proceedings of the 2006 symposium on Eye tracking research \& applications},
  pages={133--140},
  year={2006},
  organization={ACM}
}
@inproceedings{mcintosh2014impact,
  title={The impact of code review coverage and code review participation on software quality: A case study of the qt, vtk, and itk projects},
  author={McIntosh, Shane and Kamei, Yasutaka and Adams, Bram and Hassan, Ahmed E},
  booktitle={Proceedings of the 11th Working Conference on Mining Software Repositories},
  pages={192--201},
  year={2014},
  organization={ACM}
}

@article{ackerman1989software,
  title={Software inspections: an effective verification process},
  author={Ackerman, A Frank and Buchwald, Lynne S and Lewski, Frank H},
  journal={IEEE software},
  volume={6},
  number={3},
  pages={31},
  year={1989},
  publisher={IEEE Computer Society}
}

@inproceedings{greiler2015codeownership,
 author = {Greiler, Michaela and Herzig, Kim and Czerwonka, Jacek},
 title = {Code Ownership and Software Quality: A Replication Study},
 booktitle = {Proceedings of the 12th Working Conference on Mining Software Repositories},
 series = {MSR '15},
 year = {2015},
 location = {Florence, Italy},
 pages = {2--12},
 numpages = {11},
 url = {http://dl.acm.org/citation.cfm?id=2820518.2820522},
 acmid = {2820522},
 publisher = {IEEE Press},
 address = {Piscataway, NJ, USA},
 keywords = {code ownership, empirical software engineering, software quality},
} 

@inproceedings{bird2011codeownership,
 author = {Bird, Christian and Nagappan, Nachiappan and Murphy, Brendan and Gall, Harald and Devanbu, Premkumar},
 title = {Don'T Touch My Code!: Examining the Effects of Ownership on Software Quality},
 booktitle = {Proceedings of the 19th ACM SIGSOFT Symposium and the 13th European Conference on Foundations of Software Engineering},
 series = {ESEC/FSE '11},
 year = {2011},
 isbn = {978-1-4503-0443-6},
 location = {Szeged, Hungary},
 pages = {4--14},
 numpages = {11},
 url = {http://doi.acm.org/10.1145/2025113.2025119},
 doi = {10.1145/2025113.2025119},
 acmid = {2025119},
 publisher = {ACM},
 address = {New York, NY, USA},
 keywords = {emprical software engineering, expertise, ownership, quality},
} 

@inproceedings{foucault2014codeownership,
 author = {Foucault, Matthieu and Falleri, Jean-R{\'e}my and Blanc, Xavier},
 title = {Code Ownership in Open-source Software},
 booktitle = {Proceedings of the 18th International Conference on Evaluation and Assessment in Software Engineering},
 series = {EASE '14},
 year = {2014},
 isbn = {978-1-4503-2476-2},
 location = {London, England, United Kingdom},
 pages = {39:1--39:9},
 articleno = {39},
 numpages = {9},
 url = {http://doi.acm.org/10.1145/2601248.2601283},
 doi = {10.1145/2601248.2601283},
 acmid = {2601283},
 publisher = {ACM},
 address = {New York, NY, USA},
 keywords = {code ownership, process metrics, reproduction study},
} 

@inproceedings{rahman2011ownership,
 author = {Rahman, Foyzur and Devanbu, Premkumar},
 title = {Ownership, Experience and Defects: A Fine-grained Study of Authorship},
 booktitle = {Proceedings of the 33rd International Conference on Software Engineering},
 series = {ICSE '11},
 year = {2011},
 isbn = {978-1-4503-0445-0},
 location = {Waikiki, Honolulu, HI, USA},
 pages = {491--500},
 numpages = {10},
 url = {http://doi.acm.org/10.1145/1985793.1985860},
 doi = {10.1145/1985793.1985860},
 acmid = {1985860},
 publisher = {ACM},
 address = {New York, NY, USA},
 keywords = {collaboration, experience, ownership, software quality},
} 

@inproceedings{nagappan2008organizationalstructure,
 author = {Nagappan, Nachiappan and Murphy, Brendan and Basili, Victor},
 title = {The Influence of Organizational Structure on Software Quality: An Empirical Case Study},
 booktitle = {Proceedings of the 30th International Conference on Software Engineering},
 series = {ICSE '08},
 year = {2008},
 isbn = {978-1-60558-079-1},
 location = {Leipzig, Germany},
 pages = {521--530},
 numpages = {10},
 url = {http://doi.acm.org/10.1145/1368088.1368160},
 doi = {10.1145/1368088.1368160},
 acmid = {1368160},
 publisher = {ACM},
 address = {New York, NY, USA},
 keywords = {code churn, developers, empirical studies, failures, organizational structure, software mining},
} 

@inproceedings{czerwonka2015codereviews,
 author = {Czerwonka, Jacek and Greiler, Michaela and Tilford, Jack},
 title = {Code Reviews Do Not Find Bugs: How the Current Code Review Best Practice Slows Us Down},
 booktitle = {Proceedings of the 37th International Conference on Software Engineering - Volume 2},
 series = {ICSE '15},
 year = {2015},
 location = {Florence, Italy},
 pages = {27--28},
 numpages = {2},
 url = {http://dl.acm.org/citation.cfm?id=2819009.2819015},
 acmid = {2819015},
 publisher = {IEEE Press},
 address = {Piscataway, NJ, USA},
 keywords = {code integration, code reviews, software engineering workflow},
} 

@inproceedings{zhang2015interactivecodereview,
 author = {Zhang, Tianyi and Song, Myoungkyu and Pinedo, Joseph and Kim, Miryung},
 title = {Interactive Code Review for Systematic Changes},
 booktitle = {Proceedings of the 37th International Conference on Software Engineering - Volume 1},
 series = {ICSE '15},
 year = {2015},
 isbn = {978-1-4799-1934-5},
 location = {Florence, Italy},
 pages = {111--122},
 numpages = {12},
 url = {http://dl.acm.org/citation.cfm?id=2818754.2818771},
 acmid = {2818771},
 publisher = {IEEE Press},
 address = {Piscataway, NJ, USA},
} 

@inproceedings{kononenko2016codereviewquality,
 author = {Kononenko, Oleksii and Baysal, Olga and Godfrey, Michael W.},
 title = {Code Review Quality: How Developers See It},
 booktitle = {Proceedings of the 38th International Conference on Software Engineering},
 series = {ICSE '16},
 year = {2016},
 isbn = {978-1-4503-3900-1},
 location = {Austin, Texas},
 pages = {1028--1038},
 numpages = {11},
 url = {http://doi.acm.org/10.1145/2884781.2884840},
 doi = {10.1145/2884781.2884840},
 acmid = {2884840},
 publisher = {ACM},
 address = {New York, NY, USA},
 keywords = {code review, developer perception, review quality, survey},
}

@inproceedings{barnett2015helpingdevelopers,
 author = {Barnett, Mike and Bird, Christian and Brunet, Jo\~{a}o and Lahiri, Shuvendu K.},
 title = {Helping Developers Help Themselves: Automatic Decomposition of Code Review Changesets},
 booktitle = {Proceedings of the 37th International Conference on Software Engineering - Volume 1},
 series = {ICSE '15},
 year = {2015},
 isbn = {978-1-4799-1934-5},
 location = {Florence, Italy},
 pages = {134--144},
 numpages = {11},
 url = {http://dl.acm.org/citation.cfm?id=2818754.2818773},
 acmid = {2818773},
 publisher = {IEEE Press},
 address = {Piscataway, NJ, USA},
} 